@Online{npm,
    title = {npm},
    howpublished = {https://www.npmjs.com/}
}

@Online{bower,
    title = {Bower},
    howpublished = {http://bower.io/}
}

@Online{knockout,
    title = {Knockout},
    howpublished = {http://knockoutjs.com/}
}
